@inproceedings{cole2022simplex,
  title        = {Simplex: Repurposing Intel Memory Protection Extensions for Secure Storage},
  author       = {Cole, Matthew and Prakash, Aravind},
  year         = 2022,
  booktitle    = {Secure IT Systems},
  publisher    = {Springer International Publishing},
  address      = {Cham},
  pages        = {215--233},
  doi          = {10.1007/978-3-031-22295-5_12},
  isbn         = {978-3-031-22295-5},
  url          = {https://doi.org/10.1007/978-3-031-22295-5_12},
  editor       = {Reiser, Hans P. and Kyas, Marcel}
}
@misc{demicco2022generic,
  title        = {Generic Tagging for RISC-V Binaries},
  author       = {David Demicco and Matthew Cole and Gokturk Yuksek and Ravi Theja Gollapudi and Aravind Prakash and Kanad Ghose and Zerksis Umrigar},
  year         = 2022,
  eprint       = {2212.05614},
  archivePrefix = {arXiv},
  primaryClass = {cs.CR}
}
@inproceedings{demicco2022security,
  title        = {A Security Analysis of Labeling-Based Control-Flow Integrity Schemes},
  author       = {Demicco, David and Cole, Matthew and Wang, Shengdun and Prakash, Aravind},
  year         = 2022,
  booktitle    = {2022 IEEE 29th International Conference on High Performance Computing, Data and Analytics Workshop (HiPCW)},
  volume       = {},
  number       = {},
  pages        = {47--52},
  doi          = {10.1109/HiPCW57629.2022.00011}
}
@inproceedings{gollapudi2023control,
  title        = {Control Flow and Pointer Integrity Enforcement in a Secure Tagged Architecture},
  author       = {Gollapudi, Ravi Theja and Yuksek, Gokturk and Demicco, David and Cole, Matthew and Kothari, Gaurav and Kulkarni, Rohit and Zhang, Xin and Ghose, Kanad and Prakash, Aravind and Umrigar, Zerksis},
  year         = 2023,
  month        = {May},
  booktitle    = {2023 IEEE Symposium on Security and Privacy (SP)},
  volume       = {},
  number       = {},
  pages        = {2974--2989},
  doi          = {10.1109/SP46215.2023.10179416},
  ISSN         = {2375-1207}
}
@inproceedings{quach2017supplementing,
  title        = {Supplementing Modern Software Defenses with Stack-Pointer Sanity},
  author       = {Quach, Anh and Cole, Matthew and Prakash, Aravind},
  year         = 2017,
  booktitle    = {Proceedings of the 33rd Annual Computer Security Applications Conference},
  location     = {Orlando, FL, USA},
  publisher    = {ACM},
  address      = {New York, NY, USA},
  series       = {ACSAC 2017},
  pages        = {116--127},
  doi          = {10.1145/3134600.3134641},
  isbn         = {978-1-4503-5345-8},
  url          = {http://doi.acm.org/10.1145/3134600.3134641},
  numpages     = 12,
  acmid        = 3134641
}
